<?xml version="1.0" encoding="utf-8"?>
<record xmlns="http://www.loc.gov/MARC21/slim" xmlns:xsi="http://www.w3.org/2001/XMLSchema-instance" xsi:schemaLocation="http://www.loc.gov/MARC21/slim http://www.loc.gov/standards/marcxml/schema/MARC21slim.xsd">
	<leader>     nam a22        4500</leader>
	<controlfield tag="001">001677124</controlfield>
	<controlfield tag="003">NNU</controlfield>
	<controlfield tag="006">m        d        </controlfield>
	<controlfield tag="007">cr cn |||m|||a</controlfield>
	<controlfield tag="008">150505s1969    ir acf  ob    000 0darar </controlfield>
	<datafield ind1=" " ind2=" " tag="040">
		<subfield code="a">NNU</subfield>
		<subfield code="b">eng</subfield>
		<subfield code="e">rda</subfield>
		<subfield code="c">NNU</subfield>
	</datafield>
	<datafield ind1="0" ind2=" " tag="041">
		<subfield code="b">eng</subfield>
		<subfield code="b">per</subfield>
	</datafield>
	<datafield ind1=" " ind2="4" tag="050">
		<subfield code="a">B753</subfield>
		<subfield code="b">.S2 1969</subfield>
	</datafield>
	<datafield ind1="0" ind2="1" tag="055">
		<subfield code="a">B753</subfield>
	</datafield>
	<datafield ind1="1" ind2=" " tag="100">
		<subfield code="6">880-01</subfield>
		<subfield code="a">Sabzavārī, Hādī ibn Mahdī,</subfield>
		<subfield code="d">1797 or 1798-</subfield>
	</datafield>
	<datafield ind1="1" ind2="0" tag="245">
		<subfield code="6">880-02</subfield>
		<subfield code="a">Sharḥ-i Ghurar al-farāʼid maʻrūf bih Sharḥ-i Manẓūmah-ʼi Ḥikmat, qismat-i umūr-i ʻāmmah va jawhar-i ʻarūz̤ /</subfield>
		<subfield code="c">Hādī Sabzavārī ; bi-taṣḥīḥ va muqaddimah va taʻlīqāt-i Mahdī Muḥaqqiq va Tūshī Hīkū Īzūtsū.</subfield>
	</datafield>
	<datafield ind1="3" ind2=" " tag="246">
		<subfield code="6">880-03</subfield>
		<subfield code="a">Sharḥ-i Manẓūmah-ʼi ḥikmat</subfield>
	</datafield>
	<datafield ind1="3" ind2=" " tag="246">
		<subfield code="6">880-04</subfield>
		<subfield code="a">Sharḥ Ghurar al-farāʼid</subfield>
	</datafield>
	<datafield ind1="3" ind2=" " tag="246">
		<subfield code="6">880-05</subfield>
		<subfield code="a">Ghurar al-farāʼid</subfield>
	</datafield>
	<datafield ind1=" " ind2=" " tag="260">
		<subfield code="6">880-06</subfield>
		<subfield code="a">Tihrān :</subfield>
		<subfield code="b">Dānishgāh-i MakGīl, Muntriāl, Muʼassasah-ʼi Muṭālaʻāt-i Islāmī, Shuʻbah-ʼi Tihrān,</subfield>
		<subfield code="c">1969.</subfield>
	</datafield>
	<datafield ind1=" " ind2=" " tag="300">
		<subfield code="a">online resource (46, 679, 152 pages, [2] pages of plates) :</subfield>
		<subfield code="b">illustrations, portrait</subfield>
	</datafield>
	<datafield ind1=" " ind2=" " tag="336">
		<subfield code="a">text</subfield>
		<subfield code="2">rdacontent</subfield>
	</datafield>
	<datafield ind1=" " ind2=" " tag="337">
		<subfield code="a">computer</subfield>
		<subfield code="2">rdamedia</subfield>
	</datafield>
	<datafield ind1=" " ind2=" " tag="338">
		<subfield code="a">online resource</subfield>
		<subfield code="2">rdacarrier</subfield>
	</datafield>
	<datafield ind1="1" ind2=" " tag="490">
		<subfield code="6">880-07</subfield>
		<subfield code="a">Silsilah-ʼi dānish-i Īrānī ;</subfield>
		<subfield code="v">1</subfield>
	</datafield>
	<datafield ind1=" " ind2=" " tag="500">
		<subfield code="a">Title on added t.p.: Sharh-i Ghurar al-faraʼid; or, Sharh-i Manzumah; pt. 1: metaphysics/H.M.H. Sabzawari.</subfield>
	</datafield>
	<datafield ind1=" " ind2=" " tag="500">
		<subfield code="a">&quot;Yādbūd-i yakṣadumīn sāl-i darguz̤asht-i Sabzavārī.&quot;</subfield>
	</datafield>
	<datafield ind1=" " ind2=" " tag="500">
		<subfield code="a">Text in Arabic; introductory matter in English and Persian.</subfield>
	</datafield>
	<datafield ind1=" " ind2=" " tag="500">
		<subfield code="a">Part of the Arabic Collections Online (ACO) project, contributed by New York Univeristy Libraries.</subfield>
	</datafield>
	<datafield ind1=" " ind2=" " tag="504">
		<subfield code="a">Includes bibliographical references.</subfield>
	</datafield>
	<datafield ind1="0" ind2=" " tag="505">
		<subfield code="a">Ghurar al-faraʼid -- Sharḥ-i Ghurar al-farāʼid -- Ḥavāshī va-taʻlīqāt-i Sabzavārī, Hīdajī, Āmulī -- Farhang-i iṣṭilāhāt va taʻbīrāt.</subfield>
	</datafield>
	<datafield ind1=" " ind2=" " tag="533">
		<subfield code="a">Electronic reproduction.</subfield>
		<subfield code="b">New York, N.Y. :</subfield>
		<subfield code="c">New York University,</subfield>
		<subfield code="d">2015.</subfield>
		<subfield code="5">NNU</subfield>
	</datafield>
	<datafield ind1=" " ind2="0" tag="650">
		<subfield code="a">Islamic philosophy</subfield>
		<subfield code="v">Early works to 1800.</subfield>
	</datafield>
	<datafield ind1=" " ind2="0" tag="650">
		<subfield code="a">Metaphysics</subfield>
		<subfield code="v">Early works to 1800.</subfield>
	</datafield>
	<datafield ind1="1" ind2="0" tag="600">
		<subfield code="6">880-08</subfield>
		<subfield code="a">Sabzavārī, Hādī ibn Mahdī,</subfield>
		<subfield code="d">1797 or 8-</subfield>
		<subfield code="t">Sharḥ al-manẓūmah fī al-ḥikmah.</subfield>
	</datafield>
	<datafield ind1="0" ind2="7" tag="630">
		<subfield code="a">Sharḥ al-manẓūmah fī al-ḥikmah (Sabzavārī, Hādī ibn Mahdī)</subfield>
		<subfield code="2">fast</subfield>
		<subfield code="0">(OCoLC)fst01369900</subfield>
	</datafield>
	<datafield ind1=" " ind2="7" tag="650">
		<subfield code="a">Islamic philosophy.</subfield>
		<subfield code="2">fast</subfield>
		<subfield code="0">(OCoLC)fst01730358</subfield>
	</datafield>
	<datafield ind1=" " ind2="7" tag="650">
		<subfield code="a">Metaphysics.</subfield>
		<subfield code="2">fast</subfield>
		<subfield code="0">(OCoLC)fst01018304</subfield>
	</datafield>
	<datafield ind1=" " ind2="7" tag="655">
		<subfield code="a">Early works.</subfield>
		<subfield code="2">fast</subfield>
		<subfield code="0">(OCoLC)fst01411636</subfield>
	</datafield>
	<datafield ind1="1" ind2=" " tag="700">
		<subfield code="6">880-09</subfield>
		<subfield code="a">Muḥaqqiq, Mahdī.</subfield>
	</datafield>
	<datafield ind1="1" ind2=" " tag="700">
		<subfield code="a">Izutsu, Toshihiko,</subfield>
		<subfield code="d">1914-1993.</subfield>
	</datafield>
	<datafield ind1="1" ind2="2" tag="700">
		<subfield code="6">880-10</subfield>
		<subfield code="a">Sabzavārī, Hādī ibn Mahdī,</subfield>
		<subfield code="d">1797 or 1798-</subfield>
		<subfield code="t">Sharḥ al-manẓūmah fī al-ḥikmah.</subfield>
	</datafield>
	<datafield ind1="2" ind2=" " tag="710">
		<subfield code="a">New York University.</subfield>
		<subfield code="b">Libraries.</subfield>
	</datafield>
	<datafield ind1="0" ind2=" " tag="730">
		<subfield code="a">Arabic Collections Online.</subfield>
	</datafield>
	<datafield ind1="0" ind2="8" tag="776">
		<subfield code="i">Online version:</subfield>
		<subfield code="a">Sabzavārī, Hādī ibn Mahdī, b. 1797 or 8.</subfield>
		<subfield code="t">Sharḥ-i Ghurar al-farāʼid maʻrūf bih Sharḥ-i Manẓūmah-ʼi Ḥikmat, qismat-i umūr-i ʻāmmah va jawhar-i ʻarūz̤.</subfield>
		<subfield code="d">Tihrān : Dānishgāh-i MakGīl, Muntriāl, Muʼassasah-ʼi Muṭālaʻāt-i Islāmī, Shuʻbah-ʼi Tihrān, 1969</subfield>
		<subfield code="w">(OCoLC)643950653</subfield>
	</datafield>
	<datafield ind1="0" ind2="8" tag="776">
		<subfield code="i">Print version:</subfield>
		<subfield code="a">Sabzavārī, Hādī ibn Mahdī, 1797 or 1798-</subfield>
		<subfield code="t">Sharḥ-i Ghurar al-farāʼid maʻrūf bih Sharḥ-i Manẓūmah-ʼi Ḥikmat, qismat-i umūr-i ʻāmmah va jawhar-i ʻarūz̤</subfield>
		<subfield code="w">(NNU)001677124</subfield>
		<subfield code="w">(DLC)   71268618</subfield>
	</datafield>
	<datafield ind1="4" ind2="0" tag="856">
		<subfield code="u">http://hdl.handle.net/2333.1/4xgxd4dz</subfield>
	</datafield>
	<datafield ind1="1" ind2=" " tag="880">
		<subfield code="6">100-01/</subfield>
		<subfield code="a">سبزوارى، هادى بن مهدى،</subfield>
		<subfield code="d">1797 or 1798-</subfield>
	</datafield>
	<datafield ind1="1" ind2="0" tag="880">
		<subfield code="6">245-02/</subfield>
		<subfield code="a">شرح غرر الفرائد معروف به شرح منظومه حكمت، قسمت امور عامه و جوهر و عرض /</subfield>
		<subfield code="c">بتصحيح و مقدمۀ و تعليقات مهدى محقق و توشى هيكو ايزوتسو.</subfield>
	</datafield>
	<datafield ind1="3" ind2=" " tag="880">
		<subfield code="6">246-03/</subfield>
		<subfield code="a">شرح منظومۀ حكمت</subfield>
	</datafield>
	<datafield ind1="3" ind2=" " tag="880">
		<subfield code="6">246-04/</subfield>
		<subfield code="a">شرح غرر الفرائد</subfield>
	</datafield>
	<datafield ind1="3" ind2=" " tag="880">
		<subfield code="6">246-05/</subfield>
		<subfield code="a">غرر الفرائد</subfield>
	</datafield>
	<datafield ind1=" " ind2=" " tag="880">
		<subfield code="6">260-06/</subfield>
		<subfield code="a">طهران :</subfield>
		<subfield code="b">دانشگاه مك گيل، مونترال، مؤسسۀ مطالعات اسلامى، شعبه طهران،</subfield>
		<subfield code="c">1969.</subfield>
	</datafield>
	<datafield ind1="1" ind2=" " tag="880">
		<subfield code="6">490-07/</subfield>
		<subfield code="a">سلسلۀ دانش ايرانى ؛</subfield>
		<subfield code="v">1</subfield>
	</datafield>
	<datafield ind1="1" ind2="4" tag="880">
		<subfield code="6">600-08/</subfield>
		<subfield code="a">سبزواري، هادي بن مهدي،,</subfield>
		<subfield code="d">1797 or 8-</subfield>
		<subfield code="t">شرح المنظومة في الحكمة.</subfield>
	</datafield>
	<datafield ind1="1" ind2=" " tag="880">
		<subfield code="6">700-09/</subfield>
		<subfield code="a">محقق، مهدى.</subfield>
	</datafield>
	<datafield ind1="1" ind2="2" tag="880">
		<subfield code="6">700-10/</subfield>
		<subfield code="a">سبزواري، هادي بن مهدي،</subfield>
		<subfield code="d">1797 or 1798-</subfield>
		<subfield code="t">شرح المنظومة في الحكمة.</subfield>
	</datafield>
	<datafield ind1=" " ind2="0" tag="830">
		<subfield code="6">880-11</subfield>
		<subfield code="a">Silsilah-ʼi dānish-i Īrānī</subfield>
		<subfield code="v">1.</subfield>
	</datafield>
	<datafield ind1=" " ind2="0" tag="880">
		<subfield code="6">830-11/</subfield>
		<subfield code="a">سلسلۀ دانش ايرانى ؛</subfield>
		<subfield code="v">1.</subfield>
	</datafield>
	<datafield ind1=" " ind2=" " tag="959">
		<subfield code="a">NNU</subfield>
		<subfield code="b">WEB</subfield>
		<subfield code="c">GENI</subfield>
		<subfield code="t">0</subfield>
		<subfield code="m">Electronic access</subfield>
		<subfield code="s">01</subfield>
	</datafield>
	<datafield ind1=" " ind2=" " tag="999">
		<subfield code="i">NNU_001677124</subfield>
		<subfield code="s">nyu_aco000422</subfield>
		<subfield code="e">(ERROR-880)</subfield>
	</datafield>
</record>
